@misc{2020Targets,
title = {20 20 by 2020 - Europe's climate change opportunity},
howpublished = {European Commission},
url = {http://eur-lex.europa.eu/LexUriServ/LexUriServ.do?uri=COM:2008:0030:FIN:en:PDF},
urldate = {2015-10-26},
}

@misc{EEA/2015,
title = {Trends and projections in Europe 2015},
howpublished = {European Environment Agency},
published = {2015-10-20},
urldate = {2015-10-05},
url = {http://www.eea.europa.eu/publications/trends-and-projections-in-europe-2015/at_download/file}
}

@misc{Eurostat:1,
howpublished = {Eurostat},
title = {Greenhouse Gas Emissions},
url = {http://ec.europa.eu/eurostat/web/products-datasets/-/env_air_gge},
urldate = {2015-10-26}
}

@misc{ETAFacts:1,
howpublished = {European Union Publications Office},
published = {2013},
title = {The EU Emissions Trading System},
url = {http://ec.europa.eu/clima/publications/docs/factsheet_ets_en.pdf},
urldate = {2015-10-26}
}

@misc{REEurope/2015,
title = {Renewable Energy in Europe - approximated recent growth and knock-on effects},
published = {2015-01-17},
howpublished = {European Environment Agency},
urldate = {2015-10-26}
}

@misc{transport,
title = {Reducing emissions from transport},
howpublished = {European Commission},
url = {http://ec.europa.eu/clima/policies/transport/index_en.htm},
urldate = {2015-10-05}
}

@misc{repbio,
title = {Renewable energy progress and biofuels sustainability},
published = {2014-11-10},
howpublished = {Ecofys},
url = {https://ec.europa.eu/energy/sites/ener/files/documents/Final%20report%20-November%202014.pdf},
urldate = {2015-10-26}
}

@misc{_causes_????,
  title = {Causes of climate change - European Commission},
  url = {http://ec.europa.eu/clima/change/causes/index_en.htm},
  urldate = {2015-10-26},
  howpublished = {European Commission}
}

@misc{2050roadmap,
  title = {A Roadmap for moving to a competitive low carbon economy in 2050},
  published = {2011},
  howpublished = {European Commission},
  url = {http://eur-lex.europa.eu/legal-content/EN/TXT/HTML/?uri=CELEX:52011DC0112&from=EN},
  urldate = {2015-10-28}
}

@misc{2030framework,
  title = {A policy framework for climate and energy in the period from 2020 to 2030},
  published = {2014},
  howpublished = {European Commission},
  url = {http://eur-lex.europa.eu/legal-content/EN/TXT/HTML/?uri=CELEX:52014DC0015&from=EN},
  urldate = {2015-10-28}
}