
@online{seai_atlas,
  title = {Wind {Mapping} {System}},
  url = {http://maps.seai.ie/wind/},
  urldate = {2015-10-30},
  file = {Wind Mapping System:/home/peter/.mozilla/firefox/nvkr2xkn.default/zotero/storage/5BCGTSFJ/wind.html:text/html}
}