
@misc{_eurostat,
  title = {Eurostat - {Data} {Explorer}},
  url = {http://appsso.eurostat.ec.europa.eu/nui/submitViewTableAction.do},
  urldate = {2015-11-09},
  file = {Eurostat - Data Explorer:/home/peter/.mozilla/firefox/nvkr2xkn.default/zotero/storage/MGBH8U5V/submitViewTableAction.html:text/html}
}


@misc{SEAI_targets_faq,
  title = {Energy {Targets} {FAQ}},
  url = {http://www.seai.ie/Energy-Data-Portal/Frequently-Asked-Questions/Energy_Targets_FAQ/},
  language = {en},
  urldate = {2015-11-09},
  file = {Snapshot:/home/peter/.mozilla/firefox/nvkr2xkn.default/zotero/storage/7QC9QK6W/Energy_Targets_FAQ.html:text/html}
}

@misc{_seai_electricity_sector,
  title = {{SEAI} {Statistics}: {Electricity} by {Sector}},
  url = {http://statistics.seai.ie/chart.php?ref=FUE06},
  urldate = {2015-11-09},
  file = {SEAI Statistics\: Electricity by Sector:/home/peter/.mozilla/firefox/nvkr2xkn.default/zotero/storage/DR6RABX5/chart.html:text/html}
}

@report{seai_2010_update,
  title = {SEAI Renewable Energy in Ireland 2010 Update},
  url = {http://www.seai.ie/Publications/Statistics_Publications/Renewable_Energy_in_Ireland/RE_in_Ire_2010update.pdf},
  urldate = {2015-11-09}
  }